%% This BibTeX bibliography file was created using BibDesk.
%% http://bibdesk.sourceforge.net/


%% Created for Stefan Waidele at 2014-11-15 00:29:08 +0100 


%% Saved with string encoding Unicode (UTF-8) 



@misc{gartneriot,
	Author = {{Gartner (Hrsg.)}},
	Date-Added = {2014-11-14 09:53:13 +0000},
	Date-Modified = {2014-11-14 23:27:23 +0000},
	Howpublished = {\url{http://www.gartner.com/newsroom/id/2905717}, abgerufen am 14.11.2014},
	Month = {November},
	Title = {{Gartner Says 4.9 Billion Connected Things will be in Use in 2015}},
	Year = {2014}}

@article{bd25,
	Author = {Peter--Michael Ziegler},
	Date-Added = {2014-11-11 21:50:41 +0000},
	Date-Modified = {2014-11-14 23:24:05 +0000},
	Journal = {{c't Magazin, Heft 24 vom 01.11.}},
	Month = {November},
	Pages = {52},
	Title = {{2,5 Milliarden Euro f{\"u}r die Big--Data--Forschung}},
	Year = {2014}}

@book{orwell,
	Author = {George Orwell},
	Date-Added = {2014-11-08 09:45:17 +0000},
	Date-Modified = {2014-11-12 07:58:32 +0000},
	Publisher = {{Secker \& Warburg, London}},
	Title = {{Nineteen Eighty-Four}},
	Year = {1949}}
